<record><leader>00000cas a22000007a 4500</leader><controlfield tag="001">20993220</controlfield><controlfield tag="008">900202d18911906moudn ne      0    0eng d</controlfield><datafield ind1=" " ind2=" " tag="010"><subfield code="a">sn 90061007 </subfield></datafield><datafield ind1=" " ind2=" " tag="040"><subfield code="a">MQN</subfield><subfield code="b">eng</subfield><subfield code="c">MQN</subfield><subfield code="d">OCLCQ</subfield></datafield><datafield ind1=" " ind2=" " tag="042"><subfield code="a">msc</subfield></datafield><datafield ind1="0" ind2="0" tag="245"><subfield code="a">Sedalia evening Democrat.</subfield></datafield><datafield ind1="1" ind2="3" tag="246"><subfield code="a">Sedalia Democrat</subfield></datafield><datafield ind1="3" ind2="0" tag="246"><subfield code="a">Sedalia Sunday Democrat</subfield></datafield><datafield ind1=" " ind2=" " tag="260"><subfield code="a">Sedalia, Mo. :</subfield><subfield code="b">Sedalia Democrat Co.,</subfield><subfield code="c">1891-1906.</subfield></datafield><datafield ind1=" " ind2=" " tag="300"><subfield code="a">v.</subfield></datafield><datafield ind1=" " ind2=" " tag="310"><subfield code="a">Daily (except Sat.)</subfield></datafield><datafield ind1=" " ind2=" " tag="321"><subfield code="a">Daily (except Sun.),</subfield><subfield code="b">Dec. 17, 1891-Dec. 2, 1892</subfield></datafield><datafield ind1="0" ind2=" " tag="362"><subfield code="a">New ser. (Dec. 17, 1891)-new ser. (Dec. 31, 1906).</subfield></datafield><datafield ind1=" " ind2=" " tag="500"><subfield code="a">From pub. block: Old ser., est. 1868; new ser., est. 1891.</subfield></datafield><datafield ind1=" " ind2=" " tag="500"><subfield code="a">On Sundays published as: Sedalia Sunday Democrat, Dec. 4, 1892-Dec. 30, 1906.</subfield></datafield><datafield ind1=" " ind2="4" tag="651"><subfield code="a">Sedalia (Mo.)</subfield><subfield code="v">Newspapers.</subfield></datafield><datafield ind1=" " ind2=" " tag="752"><subfield code="a">United States</subfield><subfield code="b">Missouri</subfield><subfield code="c">Pettis</subfield><subfield code="d">Sedalia.</subfield></datafield><datafield ind1="0" ind2=" " tag="775"><subfield code="t">Sedalia weekly Democrat (Sedalia, Mo. : 1912)</subfield><subfield code="w">(DLC)sn 85034089</subfield></datafield><datafield ind1="0" ind2="0" tag="780"><subfield code="t">Sedalia daily Democrat</subfield><subfield code="w">(DLC)sn 87052259</subfield></datafield><datafield ind1="0" ind2="7" tag="785"><subfield code="t">Sedalia sentinel</subfield><subfield code="w">(DLC)sn 93059995</subfield></datafield><datafield ind1="0" ind2="7" tag="785"><subfield code="t">Sedalia Democrat-sentinel</subfield><subfield code="w">(DLC)sn 90061030</subfield></datafield><datafield ind1="1" ind2=" " tag="029"><subfield code="a">AU@</subfield><subfield code="b">000020591955</subfield></datafield></record>